@book{demeyer2008,
	Annote = {book},
	Bdsk-url-1 = {http://scg.unibe.ch/download/oorp/},
	Isbn = {978-3-9523341-2-6},
	Keywords = {olit scg08 scg-pub snf-none jb09 skip-doi stefPub mooseCincom moose-pub},
	Medium = {2},
	Peerreview = {no},
	publisher = {Square Bracket Associates},
	Url = {http://scg.unibe.ch/download/oorp/},
	author = {Demeyer, Serge and Ducasse, Stéphane and Nierstrasz, Oscar},
	title = {Object-Oriented Reengineering Patterns},
	year = {2008},
	note = {(This book is available as a free download from http://www.iam.unibe.ch/~scg/OORP/.)},
}


@book{raymond1999,
 author = {Raymond, Eric S.},
 title = {The  Cathedral and the Bazaar},
 year = {1999},
 isbn = {1565927249},
 edition = {1st},
 publisher = {O'Reilly \& Associates, Inc.},
 address = {Sebastopol, CA, USA},
} 

@article{vieira2011designing,
  title={Designing context-sensitive systems: An integrated approach},
  author={Vieira, Vaninha and Tedesco, Patricia and Salgado, Ana Carolina},
  journal={Expert Systems with Applications},
  volume={38},
  number={2},
  pages={1119--1138},
  year={2011},
  publisher={Elsevier}
}
@article{kwon2004mymessage,
  title={MyMessage: Case-based reasoning and multicriteria decision making techniques for intelligent context-aware message filtering},
  author={Kwon, Ohbyung and Kim, Minyong},
  journal={Expert Systems with Applications},
  volume={27},
  number={3},
  pages={467--480},
  year={2004},
  publisher={Elsevier}
}
@inproceedings{abowd1999towards,
  title={Towards a better understanding of context and context-awareness},
  author={Abowd, Gregory D and Dey, Anind K and Brown, Peter J and Davies, Nigel and Smith, Mark and Steggles, Pete},
  booktitle={International Symposium on Handheld and Ubiquitous Computing},
  pages={304--307},
  year={1999},
  organization={Springer}
}
@article{dha1992internationally,
  title={Internationally agreed glossary of basic terms related to disaster management},
  author={DHA, UN},
  journal={UN DHA (United Nations Department of Humanitarian Affairs), Geneva},
  year={1992}
}
@article{dhs2008nims,
  title={National Incident Management System},
  author={DHS, US},  
  journal={UN DHS (U.S. Department of Homeland Security)},
  year={2008}
}
@inproceedings{truong2007escape,
  title={ESCAPE--an adaptive framework for managing and providing context information in emergency situations},
  author={Truong, Hong-Linh and Juszczyk, Lukasz and Manzoor, Atif and Dustdar, Schahram},
  booktitle={European Conference on Smart Sensing and Context},
  pages={207--222},
  year={2007},
  organization={Springer}
}
@inproceedings{bhavanishankar2009context,
  title={A context aware approach to emergency management systems},
  author={Bhavanishankar, Rajalakshmi and Subramaniam, Chandrasekaran and Kumar, Magesh and Dugar, Dipesh},
  booktitle={Proceedings of the 2009 International Conference on Wireless Communications and Mobile Computing: Connecting the World Wirelessly},
  pages={1350--1354},
  year={2009},
  organization={ACM}
}
@incollection{duc2014ushahidi,
	title={Ushahidi and Sahana Eden Open-Source Platforms to Assist Disaster Relief: Geospatial Components and Capabilities},
	author={Duc, Khanh Ngo and Vu, Tuong-Thuy and Ban, Yifang},
	booktitle={Geoinformation for Informed Decisions},
	pages={163--174},
	year={2014},
	publisher={Springer}
}

@inproceedings{wu2011geo,
	title={Geo-tagged mobile photo sharing in collaborative emergency management},
	author={Wu, Anna and Yan, Xin and Zhang, Xiaolong Luke},
	booktitle={Proceedings of the 2011 Visual Information Communication-International Symposium},
	pages={7},
	year={2011},
	organization={ACM}
}

@inproceedings{besaleva2013crowdhelp,
	title={CrowdHelp: A crowdsourcing application for improving disaster management},
	author={Besaleva, Liliya I and Weaver, Alfred C},
	booktitle={Global Humanitarian Technology Conference (GHTC), 2013 IEEE},
	pages={185--190},
	year={2013},
	organization={IEEE}
}
@inproceedings{flentge2008designing,
  title={Designing context-aware HCI for collaborative emergency management},
  author={Flentge, Felix and Weber, Stefan G and Behring, Alexander and Ziegert, Thomas},
  booktitle={Int’l Workshop on HCI for Emergencies in conjunction with CHI},
  volume={8},
  pages={2008},
  year={2008}
}
@article{shamszaman2014web,
  title={Web-of-Objects (WoO)-based context aware emergency fire management systems for the Internet of Things},
  author={Shamszaman, Zia Ush and Ara, Safina Showkat and Chong, Ilyoung and Jeong, Youn Kwae},
  journal={Sensors},
  volume={14},
  number={2},
  pages={2944--2966},
  year={2014},
  publisher={Multidisciplinary Digital Publishing Institute}
}


@article{dha1992,
  title={Internationally agreed glossary of basic terms related to disaster management},
  author={DHA, UN},
  journal={UN DHA (United Nations Department of Humanitarian Affairs), Geneva},
  year={1992}
}

@article{quarantelli1986,
  title={Disaster crisis management},
  author={Quarantelli, Enrico Louis},
  year={1986},
  publisher={Disaster Research Center}
}

@INPROCEEDINGS{engelbrecht2011,
author={Engelbrecht, A. and Borges, M. and Vivacqua, A.S.},
booktitle={Computer Supported Cooperative Work in Design (CSCWD), 2011 15th International Conference on},
title={Digital tabletops for situational awareness in emergency situations},
year={2011},
month={June},
pages={669-676},
keywords={emergency services;information filtering;microcomputers;cognitive task analysis methods;digital tabletops;emergency situations;information filtering;situational awareness;Collaboration;Data models;Decision making;Emergency services;Fires;Organizations;Planning;Collaboration;Decision Support System;Design;Emergency Management;Tabletop},
doi={10.1109/CSCWD.2011.5960190},}


@online{tinker2010,
  author = {Tinker, T., Vaughan, E.},
  title = {Risk and Crisis Communications: Best Practices for Government Agencies and Non-Profit Organizations},
  year = 2010,
  url = {\url{http://www.boozallen.com/content/dam/boozallen/media/file/Risk-and-Crisis-Communications-Guide.PDF}},
  urldate = {2015-08-24}
}

@online{cdc2014,
  author = {CDC},
  title = {Crisis and Emergency Risk Communication},
  year = {2015},
  url = {http://emergency.cdc.gov/cerc/resources/pdf/cerc_2014edition.pdf},
  urldate = {2015-08-24}
}

@article{veil2008,
  title={CERC as a theoretical framework for research and practice},
  author={Veil, Shari and Reynolds, Barbara and Sellnow, Timothy L and Seeger, Matthew W},
  journal={Health Promotion Practice},
  volume={9},
  number={4 suppl},
  pages={26S--34S},
  year={2008},
  publisher={SAGE Publications}
}

@article{glik2007,
  title={Risk communication for public health emergencies},
  author={Glik, Deborah C},
  journal={Annu. Rev. Public Health},
  volume={28},
  pages={33--54},
  year={2007},
  publisher={Annual Reviews}
}

@article{reynolds2005,
  title={Crisis and emergency risk communication as an integrative model},
  author={Reynolds, Barbara and W. SEEGER, MATTHEW},
  journal={Journal of health communication},
  volume={10},
  number={1},
  pages={43--55},
  year={2005},
  publisher={Taylor \& Francis}
}

@online{one2many2012,
  author = {One2Many},
  title = {Cell Broadcast Emergency Alert},
  year = 2012,
  url = {http://www.gsma.com/mobilefordevelopment/wpcontent/uploads/2013/01/One2Many-Cell-BroadcastEmergency-Alerts.pdf},
  urldate = {2015-08-24}
}

@online{fcc2012,
  author = {FCC},
  title = {Federal Communications Commission:Wireless Emergency Alerts },
  year = 2014,
  url = {https://transition.fcc.gov/cgb/consumerfacts/wea.pdf},
  urldate = {2015-08-24}
}

@online{conic2006,
  author = {Conict},
  title = {NL-ALERT and Cell Broadcast},
  year = 2006,
  url = {http://www.conict.com/nl-alert-and-cellbroadcast.html},
  urldate = {2015-08-24}
}

@online{weiss2011,
  author = {Weiss, G.},
  title = {National Message – The Israeli Public Alert Warning System},
  year = 2011,
  url = {http://www.eena.org/ressource/static/files/national_message_-_april_2011_-_budapest.pdf.},
  urldate = {2015-08-24}
}

@inproceedings{parraga2013,
  title={A complete communication framework for public alert: the Alert4All approach},
  author={Parraga Niebla, Cristina and Muna, Joseph and Grazzini, S{\'e}bastien and Pfeffer, Ralf},
  booktitle={TIEMS International Conference on Public Alert and Social Media during Crisis and Disasters},
  year={2013}
}

@inproceedings{penades2010,
  title={Document product lines: variability-driven document generation},
  author={Penad{\'e}s, Ma Carmen and Can{\'o}s, Jos{\'e} H and Borges, Marcos RS and Llavador, Manuel},
  booktitle={Proceedings of the 10th ACM symposium on Document engineering},
  pages={203--206},
  year={2010},
  organization={ACM}
}

@article{clements2002,
  title={Software product lines: practices and patterns},
  author={Clements, Paul and Northrop, Linda},
  year={2002},
  publisher={Addison-Wesley}
}

@inproceedings{gomez2012dplfw,
  title={Dplfw: a framework for variable content document generation},
  author={G{\'o}mez, Abel and Penad{\'e}s, M Carmen and Can{\'o}s, Jos{\'e} H and Borges, Marcos RS and Llavador, Manuel},
  booktitle={Proceedings of the 16th International Software Product Line Conference-Volume 1},
  pages={96--105},
  year={2012},
  organization={ACM}
}

@inproceedings{penades2012,
 author = {Penad{\'e}s, M\textordfeminine Carmen and G\'{o}mez, Abel and Can\'{o}s, Jos{\'e} H.},
 title = {Deriving Document Workflows from Feature Models},
 booktitle = {Proceedings of the 2012 ACM Symposium on Document Engineering},
 series = {DocEng '12},
 year = {2012},
 isbn = {978-1-4503-1116-8},
 location = {Paris, France},
 pages = {237--240},
 numpages = {4},
 url = {http://doi.acm.org/10.1145/2361354.2361405},
 doi = {10.1145/2361354.2361405},
 acmid = {2361405},
 publisher = {ACM},
 address = {New York, NY, USA},
 keywords = {document generation, document product lines, document workflow, organizational model, variable data printing},
} 

@inproceedings{penades2014,
  title={Product Line-based customization of e-Government documents},
  author={Penad{\'e}s, M Carmen and Mart{\'\i}, Pau and Can{\'o}s, Jos{\'e} H and G{\'o}mez, Abel},
  booktitle={PEGOV 2014: Personalization in e-Government Services, Data and Applications},
  volume={1181},
  year={2014},
  organization={CEUR-WS}
}

@inproceedings{canos2013,
 author = {Can\'{o}s, Jos{\'e} H. and Penad{\'e}s, Ma Carmen and Borges, Marcos R.S. and G\'{o}mez, Abel},
 title = {A Product Line Approach to Customized Recipe Generation},
 booktitle = {Proceedings of the 5th International Workshop on Multimedia for Cooking \&\#38; Eating Activities},
 series = {CEA '13},
 year = {2013},
 isbn = {978-1-4503-2392-5},
 location = {Barcelona, Spain},
 pages = {69--74},
 numpages = {6},
 url = {http://doi.acm.org/10.1145/2506023.2506036},
 doi = {10.1145/2506023.2506036},
 acmid = {2506036},
 publisher = {ACM},
 address = {New York, NY, USA},
 keywords = {document generation, document product lines, recipe generation, software product lines, variability management},
} 

@inproceedings{labib2015,
 author = {Labib, A. Ezzat and Penad{\'e}s, M. Carmen and Can\'{o}s, Jos{\'e} H. and G\'{o}mez, Abel},
 title = {Enforcing Reuse and Customization in the Development of Learning Objects: A Product Line Approach},
 booktitle = {Proceedings of the 30th Annual ACM Symposium on Applied Computing},
 series = {SAC '15},
 year = {2015},
 isbn = {978-1-4503-3196-8},
 location = {Salamanca, Spain},
 pages = {261--263},
 numpages = {3},
 url = {http://doi.acm.org/10.1145/2695664.2695991},
 doi = {10.1145/2695664.2695991},
 acmid = {2695991},
 publisher = {ACM},
 address = {New York, NY, USA},
 keywords = {authoring tool, content model, document product line, e-learning, learning object},
} 

@inproceedings{Karol2010,
 author = {Karol, Sven and Heinzerling, Martin and Heidenreich, Florian and A\ssmann, Uwe},
 title = {Using Feature Models for Creating Families of Documents},
 booktitle = {Proceedings of the 10th ACM Symposium on Document Engineering},
 series = {DocEng '10},
 year = {2010},
 isbn = {978-1-4503-0231-9},
 location = {Manchester, United Kingdom},
 pages = {259--262},
 numpages = {4},
 url = {http://doi.acm.org/10.1145/1860559.1860618},
 doi = {10.1145/1860559.1860618},
 acmid = {1860618},
 publisher = {ACM},
 address = {New York, NY, USA},
 keywords = {ODF, XML, document families, feature models, variants},
} 

@techreport{Kang1990,
title={Feature-Oriented Domain Analysis (FODA) Feasibility Study},
author={Kyo Kang and Sholom Cohen and James Hess and William Novak and A. Peterson},
year={1990},
number={CMU/SEI-90-TR-021 },
institution={Software Engineering Institute, Carnegie Mellon University},
address={Pittsburgh, PA},
url={http://resources.sei.cmu.edu/library/asset-view.cfm?AssetID=11231} }

@inproceedings{Rabiser2010,
 author = {Rabiser, Rick and Heider, Wolfgang and Elsner, Christoph and Lehofer, Martin and Gr\"{u}nbacher, Paul and Schwanninger, Christa},
 title = {A Flexible Approach for Generating Product-specific Documents in Product Lines},
 booktitle = {Proceedings of the 14th International Conference on Software Product Lines: Going Beyond},
 series = {SPLC'10},
 year = {2010},
 isbn = {3-642-15578-2, 978-3-642-15578-9},
 location = {Jeju Island, South Korea},
 pages = {47--61},
 numpages = {15},
 url = {http://dl.acm.org/citation.cfm?id=1885639.1885645},
 acmid = {1885645},
 publisher = {Springer-Verlag},
 address = {Berlin, Heidelberg},
 keywords = {document generation, model-based approach, product lines},
} 

@INPROCEEDINGS{rabiser2009, 
author={Rabiser, R. and Dhungana, D. and Heider, W. and Grunbacher, P.}, 
booktitle={Software Engineering and Advanced Applications, 2009. SEAA '09. 35th Euromicro Conference on}, 
title={Flexibility and End-User Support in Model-Based Product Line Tools}, 
year={2009}, 
month={Aug}, 
pages={508-511}, 
keywords={software management;software tools;time to market;DOPLER product line tool suite;end-user support;model-based product line tools;software product lines;time-to-market;tool support;Application software;Automation;Engineering management;Maintenance engineering;Project management;Runtime;Software engineering;Software maintenance;Steel;Visualization;end-user support;flexibility;software product line engineering;tool support}, 
doi={10.1109/SEAA.2009.13}, 
ISSN={1089-6503},}

@book{walsh1999,
  title={DocBook: the definitive guide},
  author={Walsh, Norman and Muellner, Leonard},
  volume={1},
  year={1999},
  publisher={" O'Reilly Media, Inc."}
}




@article{veil2008,
  title={CERC as a theoretical framework for research and practice},
  author={Veil, Shari and Reynolds, Barbara and Sellnow, Timothy L and Seeger, Matthew W},
  journal={Health Promotion Practice},
  volume={9},
  number={4 suppl},
  pages={26S--34S},
  year={2008},
  publisher={SAGE Publications}
}


@online{twitteralerts,
  title={Twitter Alerts},
  author={Twitter},
  url={https://about.twitter.com/products/alerts},
  urldate={07/05/2017},
  year={2011}
}

@online{googleAlerts,
  title={Google Public Alerts},
  author={Google},
  url={https://support.google.com/publicalerts/?hl=en},
  urldate={07/05/2017},
  year={2011}
}



@article{reynolds2007crisis,
  title={Crisis \& emergency risk communication: By leaders for leaders},
  author={Reynolds, Barbara},
  year={2007}
}

@article{seeger2006best,
  title={Best practices in crisis communication: An expert panel process},
  author={Seeger, Matthew W},
  journal={Journal of Applied Communication Research},
  volume={34},
  number={3},
  pages={232--244},
  year={2006},
  publisher={Taylor \& Francis}
}

@phdthesis{goldfine2011best,
  title={Best practices: The use of social media throughout emergency \& disaster relief},
  author={Goldfine, Erica},
  year={2011},
  school={AMERICAN UNIVERSITY WASHINGTON, DC}
}

@article{hoppner2010risk,
  title={Risk communication and natural hazards},
  author={H{\"o}ppner, Corina and Buchecker, Matthias and Br{\"u}ndl, Michael},
  journal={CapHaz project. Birmensdorf, Switzerland},
  year={2010}
}

@TECHREPORT {rescuerD41,
    author      = "Júnior, Paulo Simões and Novais, Renato and Pereira Filho, Jorge Fernando and Pedraza, Laia and Breyer, Matthias and Graffy, Silas; Kapeller, Andreas and Colin Geyer",
    title       = "Model of Organisational Behaviour and Structures in Emergencies",
    institution = "RESCUER Project",
    year        = "2015",
    number      = "4.1.3",
    url     = "https://s3-sa-east-1.amazonaws.com/rescuer.deliverables/deliverables/third/RESCUER_D4.1.3.pdf",
    month       = "oct"
}

@TECHREPORT {rescuerD11,
    author      = "Amorim, Ana Maria and Andion, Izabel and Barretto, Jurema and Pedraza, Laia and  Kislansky , Pedro",
    title       = "Requirements Specification",
    institution = "RESCUER Project",
    year        = "2015",
    number      = "1.1.3",
    url     = "https://s3-sa-east-1.amazonaws.com/rescuer.deliverables/deliverables/third/RESCUER_D1.1.3.pdf",
    month       = "oct"
}

@article{sorensen2000hazard,
  title={Hazard warning systems: Review of 20 years of progress},
  author={Sorensen, John H},
  journal={Natural Hazards Review},
  volume={1},
  number={2},
  pages={119--125},
  year={2000},
  publisher={American Society of Civil Engineers}
}

@article{centers2006crisis,
  title={Crisis and emergency risk communication: Pandemic influenza},
  author={CDC},
  journal={Retrieved November},
  volume={10},
  pages={2008},
  year={2006}
}

@misc{tinker2010risk,
  title={Risk and Crisis Communications: Best Practices for Government Agencies and Non-Profit Organizations, Booz Allen Hamilton, 2010},
  author={Tinker, T and Vaughan, E},
  year={2010}
}

@INPROCEEDINGS {pereirachallenges,
    author    = "Pereira Filho, Jorge and Novais, Renato and Vieira, Vaninha and Villela, Karina and Mendon{\c{c}}a, Manoel",
    title     = "Challenges in Crowd Communication for Emergency Management",
    booktitle = "CBSOFT 2015 - SCrowd 1st WORKSHOP ON CROWDSOURCING SYSTEMS",
    year      = "2015"
}

@ARTICLE {cscw2016,
    author  = "Pereira Filho, Jorge and Novais, Renato  and Vieira, Vaninha  and Mendonça, Manoel and Villela, Karina",
    title   = "RESCUER News: A public communication Tool for Crisis Situations",
    journal = "CSCW 2016 Workshop on Collaboration and Decision Making in Crisis Situations (CADMICS)",
    year    = "2016"
}

@article{diehl1991productivity,
  title={Productivity loss in idea-generating groups: Tracking down the blocking effect.},
  author={Diehl, Michael and Stroebe, Wolfgang},
  journal={Journal of personality and social psychology},
  volume={61},
  number={3},
  pages={392},
  year={1991},
  publisher={American Psychological Association}
}

@article{broughton2005bhopal,
  title={The Bhopal disaster and its aftermath: a review},
  author={Broughton, Edward},
  journal={Environmental Health},
  volume={4},
  number={1},
  pages={6},
  year={2005},
  publisher={BioMed Central}
}

@article{escobar2015mud,
  title={Mud tsunami wreaks ecological havoc in Brazil},
  author={Escobar, Herton},
  journal={Science},
  volume={350},
  number={6265},
  pages={1138--1139},
  year={2015},
  publisher={American Association for the Advancement of Science}
}

@MANUAL {cisvGuide,
    title        = "CISV CRISIS COMMUNICATIONS GUIDE",
    author = "CISV International Ltd",
    address      = "http://www.cisv.org/assets/Crisis\textunderscore Communications\textunderscore Guide",
    month        = "apr",
    year         = "2017"
}

@inproceedings{parraga2013complete,
  title={A complete communication framework for public alert: the Alert4All approach},
  author={Parraga Niebla, Cristina and Muna, Joseph and Grazzini, S{\'e}bastien and Pfeffer, Ralf},
  booktitle={TIEMS International Conference on Public Alert and Social Media during Crisis and Disasters},
  year={2013}
}

@ARTICLE {nationalMessage,
    author  = "Weisse, G",
    title   = "National Message - The Israeli Public Alert Warning System",
    journal = "EU Emergency Services Workshop",
    year    = "2011",
    month   = "apr"
}

@ONLINE {certTemplates,
    author = "Department of Health and Human Services Centers for Disease Control and Prevention",
    title  = "CERC Templates and Tools",
    month  = "may",
    year   = "2017",
    url    = "https://emergency.cdc.gov/cerc/resources/templates-tools.asp"
}

@ONLINE {panamericanhealthorganization2009,
    author = "Pan American Health Organization - PAHO",
    title  = "FUNDAMENTALS OF COMMUNICATION DURING CRISES AND EMERGENCIES",
    year   = "2009",
    url    = "http://www.paho.org/disasters/index.php?option=com_docman\&task=doc_download\&gid=539\&Itemid=1179\&lang=en"
}

@article{krueger1992software,
  title={Software reuse},
  author={Krueger, Charles W},
  journal={ACM Computing Surveys (CSUR)},
  volume={24},
  number={2},
  pages={131--183},
  year={1992},
  publisher={ACM}
}

@inproceedings{batory2005feature,
  title={Feature models, grammars, and propositional formulas},
  author={Batory, Don},
  booktitle={SPLC},
  volume={3714},
  pages={7--20},
  year={2005},
  organization={Springer}
}

@online{nlf,
  author = {L. Wroblewski, Lukew},
  title = {“Mad Libs” Style Form Increased Conversion by 25-40\%},
  year = 2010,
  url = {https://www.lukew.com/ff/entry.asp?1007},
  urldate = {2010-02-25}
}

@ARTICLE {pereiraetall2017,
    author  = "Pereira Filho, Jorge and Junior, Paulo and Raimundo, Pedro and Novais, Renato and Vieira, Vaninha and Mendon\c{c}a, Manoel ",
    title   = "On the Design of a Contextual Emergency State Builder with Multiple Data Sources",
    journal = "IEEE Summer School on Smart Cities",
    year    = "2017",
    volume  = "1",
    number  = "1",
    pages   = "1-6",
    month   = "aug"
}

@inproceedings{chino2015bowfire,
  title={Bowfire: detection of fire in still images by integrating pixel color and texture analysis},
  author={Chino, Daniel YT and Avalhais, Letricia PS and Rodrigues, Jose F and Traina, Agma JM},
  booktitle={Graphics, Patterns and Images (SIBGRAPI), 2015 28th SIBGRAPI Conference on},
  pages={95--102},
  year={2015},
  organization={IEEE}
}

@article{nass2018interaction,
  title={Interaction Modes for Emergency Mobile Apps},
  author={Nass, Claudia and Jung, Jessica and Groen, Eduard C and Villela, Karina and Holl, Konstantin},
  journal={Mobile Information Systems},
  volume={2018},
  year={2018},
  publisher={Hindawi}
}

@article{villela2014smart,
  title={A smart and reliable crowdsourcing solution for emergency and crisis management},
  author={Villela, Karina and Breiner, Kai and Nass, Claudia and Mendon{\c{c}}a, Manoel and Vieira, Vaninha},
  journal={Interdisciplinary Information Management Talks, Podebrady, Czech Republic},
  pages={213--220},
  year={2014}
}

@Inbook{villela2018,
author="Villela, Karina
and Nass, Claudia
and Novais, Renato
and Sim{\~o}es, Paulo
and Traina, Agma
and Rodrigues, Jose
and Menendez, Jose Manuel
and Kurano, Jorge
and Franke, Tobias
and Poxrucker, Andreas",
editor="Valencia-Garc{\'i}a, Rafael
and Paredes-Valverde, Mario Andr{\'e}s
and Salas-Z{\'a}rate, Mar{\'i}a del Pilar
and Alor-Hern{\'a}ndez, Giner",
title="Reliable and Smart Decision Support System for Emergency Management Based on Crowdsourcing Information",
bookTitle="Exploring Intelligent Decision Support Systems: Current State and New Trends",
year="2018",
publisher="Springer International Publishing",
address="Cham",
pages="177--198"
}